<?xml version="1.0" encoding="UTF-8"?><record xmlns="http://www.loc.gov/MARC21/slim" xmlns:cinclude="http://apache.org/cocoon/include/1.0" xmlns:zs="http://www.loc.gov/zing/srw/">
  <leader>00496nz  a2200157n  4500</leader>
  <controlfield tag="001">no2011193801</controlfield>
  <controlfield tag="003">DLC</controlfield>
  <controlfield tag="005">20111218075100.0</controlfield>
  <controlfield tag="008">111215n| acannaabn          |a aaa      </controlfield>
  <datafield tag="010" ind1=" " ind2=" ">
    <subfield code="a">no2011193801</subfield>
  </datafield>
  <datafield tag="035" ind1=" " ind2=" ">
    <subfield code="a">(OCoLC)oca09065384</subfield>
  </datafield>
  <datafield tag="040" ind1=" " ind2=" ">
    <subfield code="a">Nz</subfield>
    <subfield code="b">eng</subfield>
    <subfield code="c">Nz</subfield>
  </datafield>
  <datafield tag="100" ind1="1" ind2=" ">
    <subfield code="a">Burns, Carolyn W.</subfield>
  </datafield>
  <datafield tag="400" ind1="1" ind2=" ">
    <subfield code="a">Burns, C. W.</subfield>
    <subfield code="q">(Carolyn W.)</subfield>
  </datafield>
  <datafield tag="670" ind1=" " ind2=" ">
    <subfield code="a">Biological aspects of water pollution, 1970:</subfield>
    <subfield code="b">t.p. (Carolyn W. Burns)</subfield>
  </datafield>
  <datafield tag="670" ind1=" " ind2=" ">
    <subfield code="a">NZ database, Nov. 23, 2011</subfield>
    <subfield code="b">(usage: Carolyn W. Burns, C.W. (Carolyn) Burns)</subfield>
  </datafield>
</record>